<record><leader>00000cas a2200000 a 4500</leader><controlfield tag="001">12144632</controlfield><controlfield tag="008">850611d188u1941inuwr ne     l0    0eng c</controlfield><datafield ind1=" " ind2=" " tag="010"><subfield code="a">sn 85047589 </subfield></datafield><datafield ind1=" " ind2=" " tag="040"><subfield code="a">NPI</subfield><subfield code="b">eng</subfield><subfield code="c">NPI</subfield><subfield code="d">NPT</subfield><subfield code="d">NPI</subfield><subfield code="d">KNP</subfield><subfield code="d">NPI</subfield><subfield code="d">IUL</subfield><subfield code="d">OCLCQ</subfield><subfield code="d">IUL</subfield><subfield code="d">OCLCQ</subfield><subfield code="d">OCLCF</subfield></datafield><datafield ind1="1" ind2=" " tag="029"><subfield code="a">AU@</subfield><subfield code="b">000020380302</subfield></datafield><datafield ind1=" " ind2=" " tag="042"><subfield code="a">pcc</subfield></datafield><datafield ind1=" " ind2=" " tag="043"><subfield code="a">n-us-in</subfield></datafield><datafield ind1=" " ind2="4" tag="050"><subfield code="a">Newspapers</subfield></datafield><datafield ind1="0" ind2=" " tag="130"><subfield code="a">Republican leader (Salem, Ind.)</subfield></datafield><datafield ind1="1" ind2="4" tag="245"><subfield code="a">The republican leader.</subfield></datafield><datafield ind1=" " ind2=" " tag="260"><subfield code="a">Salem, Ind. :</subfield><subfield code="b">Jas. A. Kemp,</subfield><subfield code="c">-1941.</subfield></datafield><datafield ind1=" " ind2=" " tag="300"><subfield code="a">v. :</subfield><subfield code="b">ill. ;</subfield><subfield code="c">56-60 cm.</subfield></datafield><datafield ind1=" " ind2=" " tag="310"><subfield code="a">Weekly</subfield></datafield><datafield ind1="1" ind2=" " tag="362"><subfield code="a">Began after Mar. 1887.</subfield></datafield><datafield ind1="0" ind2=" " tag="362"><subfield code="a">-v. 63, no. 52 (May 1, 1941).</subfield></datafield><datafield ind1=" " ind2=" " tag="500"><subfield code="a">Published by Leader Pub. Co., &lt;Oct. 28, 1897&gt;.</subfield></datafield><datafield ind1=" " ind2=" " tag="580"><subfield code="a">Formed by the merger of: Leader (Salem, Ind.); and: True blue Republican.</subfield></datafield><datafield ind1=" " ind2=" " tag="588"><subfield code="a">Description based on: Vol. 11, no. 6 (Aug. 3, 1888).</subfield></datafield><datafield ind1=" " ind2="0" tag="651"><subfield code="a">Salem (Ind.)</subfield><subfield code="v">Newspapers.</subfield></datafield><datafield ind1=" " ind2="0" tag="651"><subfield code="a">Washington County (Ind.)</subfield><subfield code="v">Newspapers.</subfield></datafield><datafield ind1=" " ind2="7" tag="655"><subfield code="a">Newspapers.</subfield><subfield code="2">fast</subfield><subfield code="0">(OCoLC)fst01423814</subfield></datafield><datafield ind1=" " ind2="7" tag="651"><subfield code="a">Indiana</subfield><subfield code="z">Salem.</subfield><subfield code="2">fast</subfield><subfield code="0">(OCoLC)fst01257044</subfield></datafield><datafield ind1=" " ind2="7" tag="651"><subfield code="a">Indiana</subfield><subfield code="z">Washington County.</subfield><subfield code="2">fast</subfield><subfield code="0">(OCoLC)fst01217010</subfield></datafield><datafield ind1=" " ind2=" " tag="752"><subfield code="a">United States</subfield><subfield code="b">Indiana</subfield><subfield code="c">Washington</subfield><subfield code="d">Salem.</subfield></datafield><datafield ind1="1" ind2="4" tag="780"><subfield code="t">Leader (Salem, Ind.)</subfield><subfield code="w">(DLC)sn 86058400</subfield><subfield code="w">(OCoLC)13347790</subfield></datafield><datafield ind1="1" ind2="4" tag="780"><subfield code="t">True blue Republican</subfield><subfield code="w">(DLC)sn 86058402</subfield><subfield code="w">(OCoLC)13347780</subfield></datafield><datafield ind1="0" ind2="5" tag="780"><subfield code="t">Campbellsburg graphic</subfield><subfield code="w">(DLC)sn 85048005</subfield><subfield code="w">(OCoLC)12319460</subfield></datafield><datafield ind1="0" ind2="0" tag="785"><subfield code="t">Salem Republican-leader</subfield><subfield code="w">(DLC)sn 85047590</subfield><subfield code="w">(OCoLC)12144659</subfield></datafield></record>